<?xml version="1.0" encoding="UTF-8"?><collection xmlns="http://www.loc.gov/MARC21/slim"><record><leader>00688nam--2200169-i-4500</leader><controlfield tag="001">000019142</controlfield><controlfield tag="002">20161230</controlfield><controlfield tag="005">20161230201033</controlfield><controlfield tag="008">060222s1000------------r-----000-0-eng-d</controlfield><datafield ind1=" " ind2=" " tag="040"><subfield code="a">IFIN-HH</subfield></datafield><datafield ind1=" " ind2=" " tag="080"><subfield code="a">537.521</subfield></datafield><datafield ind1="1" ind2=" " tag="100"><subfield code="a">Fabian, Derek J</subfield></datafield><datafield ind1="1" ind2="0" tag="245"><subfield code="a">Soft x-ray band spectra and the electronic structure of metals and materials</subfield><subfield code="b">Based on the proceedings of a conference held at the university of strathclyde, scotland, 18-21 september 1967 with support from the royal society european programme and the university of strathclyde</subfield><subfield code="c">Derek j. fabian (ed.)</subfield></datafield><datafield ind1=" " ind2=" " tag="260"><subfield code="a">London</subfield><subfield code="b">Academic Press</subfield><subfield code="c">1968</subfield></datafield><datafield ind1=" " ind2=" " tag="300"><subfield code="a">XII + 382 P</subfield></datafield><datafield ind1=" " ind2=" " tag="852"><subfield code="a">30490</subfield><subfield code="c">537.531</subfield></datafield><datafield ind1=" " ind2=" " tag="CAT"><subfield code="a">Sys</subfield><subfield code="c">20110809</subfield><subfield code="h">160657</subfield></datafield></record></collection>